@article{monitor, 
  author = "Marko Hölbl",
  title = "Skrivanje podatkov - steganografija",
  url = "www.monitor.si/clanek/skrivanje-podatkov-steganografija",
  journal = "Monitor",
  year = 2008
}

@online{wikipedia, 
  author = "Wikipedija The Free Encyclopedia",
  title  = "Steganography",
  url  = "en.wikipedia.org/wiki/Steganography",
  urldate = 2017
}

@online{wikipedia-aes, 
  author = "Wikipedija The Free Encyclopedia",
  title  = "Advanced Encryption Standard",
  url  = "en.wikipedia.org/wiki/Advanced_Encryption_Standard",
  urldate = 2017
}

@article{delo,
  author = "Mojca Kumerdej",
  title = "Doma sem nikjer in hkrati povsod. Moja identiteta je steganografska",
  year = 2017,
  journal = "DELO",
  month = 2,
  day = 11
}

@book{rin,
  author = "Andrej Brodnik and Luka Fürst and Alenka Krapež and others",
  title = "Računalništvo in Informatika 1",
  year = 2015,
  url = "lusy.fri.uni-lj.si/ucbenik/"
}
